@book{berthier,
  title={Modern information retrieval},
  author={Baeza-Yates, R. and Ribeiro-Neto, B. and others},
  volume={463},
  year={1999},
  publisher={ACM press New York.}
}

@misc{urlMetrics,
  author = {Michael Hahsler},
  title = {{A Comparison of Commonly Used Interest Measures for Association Rules}},
  howpublished = "\url{http://michael.hahsler.net/research/association_rules/measures.html}",
  year = {2011}, 
  note = "[Online; accessed 13-October-2012]"
}

@BOOK{meira,
   author = "Mohammed Zaki and Wagner Meira Jr.",
   title = "Fundamentals of Data Mining Algorithms",
   publisher = "Cambridge University Press",
   year = 2010
   }

@inproceedings{kmeans,
  added-at = {2007-08-23T16:58:27.000+0200},
  author = {MacQueen, J. B.},
  biburl = {http://www.bibsonomy.org/bibtex/25dcdb8cd9fba78e0e791af619d61d66d/gromgull},
  booktitle = {Proc. of the fifth Berkeley Symposium on Mathematical Statistics and Probability},
  editor = {Cam, L. M. Le and Neyman, J.},
  interhash = {8d7d4dfe7d3a06b8c9c3c2bb7aa91e28},
  intrahash = {5dcdb8cd9fba78e0e791af619d61d66d},
  keywords = {kmeans},
  pages = {281-297},
  publisher = {University of California Press},
  timestamp = {2007-08-23T16:58:27.000+0200},
  title = {Some Methods for Classification and Analysis of MultiVariate Observations},
  volume = 1,
  year = {1967}
}

@INPROCEEDINGS{jagota,
  author={Jagota, A.},
  booktitle={Neural Networks, 1991., IJCNN-91-Seattle International Joint Conference on}, title={Novelty detection on a very large number of memories stored in a Hopfield-style network},
  year={1991},
  month={jul},
  volume={ii},
  number={},
  pages={905 vol.2},
  keywords={Hopfield-style network;distributed storage;error detection;error-correcting performance;novelty detection;spurious memories;stored memory;very large collections;content-addressable storage;error detection;neural nets;},
  doi={10.1109/IJCNN.1991.155491},
  ISSN={},
  }